% latexSkeleton.bib

@online{ansible_homepage,
       author = "Redhat",
       title = "Ansible Documentation",
       howpublished = "\url{https://docs.ansible.com/}",
       year = "2023" }

@online{pandoc_homepage,
       author = "Pandoc user group",
       title = "Pandoc   a universal document converter",
       howpublished = "\url{https://pandoc.org/}",
       year = "2023" }